<record><leader>00000cas a2200000 a 4500</leader><controlfield tag="001">37041823</controlfield><controlfield tag="008">970610d19261929oruwr ne      0    0eng c</controlfield><datafield ind1=" " ind2=" " tag="010"><subfield code="a">sn 96088245 </subfield></datafield><datafield ind1=" " ind2=" " tag="040"><subfield code="a">OCN</subfield><subfield code="b">eng</subfield><subfield code="c">OCN</subfield><subfield code="d">OCLCQ</subfield><subfield code="d">ORU</subfield><subfield code="d">DLC</subfield><subfield code="d">OCLCQ</subfield><subfield code="d">OCLCF</subfield><subfield code="d">OCLCO</subfield></datafield><datafield ind1=" " ind2=" " tag="042"><subfield code="a">pcc</subfield></datafield><datafield ind1=" " ind2=" " tag="043"><subfield code="a">n-us-or</subfield></datafield><datafield ind1="0" ind2=" " tag="130"><subfield code="a">Burns news (Burns, Or.)</subfield></datafield><datafield ind1="1" ind2="4" tag="245"><subfield code="a">The Burns news.</subfield></datafield><datafield ind1=" " ind2=" " tag="260"><subfield code="a">Burns, Harney County, Or. :</subfield><subfield code="b">D. Mullarky,</subfield><subfield code="c">1926-1929.</subfield></datafield><datafield ind1=" " ind2=" " tag="300"><subfield code="a">4 v.</subfield></datafield><datafield ind1=" " ind2=" " tag="310"><subfield code="a">Weekly</subfield></datafield><datafield ind1="0" ind2=" " tag="362"><subfield code="a">Vol. 29, no. 51 (Apr. 1, 1926)-v. 33, no. 38 (Dec. 27, 1929).</subfield></datafield><datafield ind1=" " ind2=" " tag="500"><subfield code="a">1929 includes newspaper published diring school terms by Burns High School students.</subfield></datafield><datafield ind1=" " ind2=" " tag="530"><subfield code="a">Also issued on microfilm from University of Oregon.</subfield></datafield><datafield ind1=" " ind2=" " tag="580"><subfield code="a">Merged with: Times-herald (Burns, Or.), to form: Burns times-herald.</subfield></datafield><datafield ind1=" " ind2="0" tag="651"><subfield code="a">Burns (Or.)</subfield><subfield code="v">Newspapers.</subfield></datafield><datafield ind1=" " ind2="7" tag="655"><subfield code="a">Newspapers.</subfield><subfield code="2">fast</subfield><subfield code="0">(OCoLC)fst01423814</subfield></datafield><datafield ind1=" " ind2="7" tag="651"><subfield code="a">Oregon</subfield><subfield code="z">Burns.</subfield><subfield code="2">fast</subfield><subfield code="0">(OCoLC)fst01217109</subfield></datafield><datafield ind1="0" ind2="2" tag="740"><subfield code="a">Honker.</subfield></datafield><datafield ind1=" " ind2=" " tag="752"><subfield code="a">United States</subfield><subfield code="b">Oregon</subfield><subfield code="c">Harney</subfield><subfield code="d">Burns.</subfield></datafield><datafield ind1="0" ind2="0" tag="780"><subfield code="t">Harney County news (Burns, Or. : 1913)</subfield><subfield code="w">(DLC)sn 96088254</subfield><subfield code="w">(OCoLC)37041802</subfield></datafield><datafield ind1="1" ind2="7" tag="785"><subfield code="t">Times-herald (Burns, Or.)</subfield><subfield code="x">2163-7997</subfield><subfield code="w">(DLC)sn 96088246</subfield><subfield code="w">(OCoLC)37041779</subfield></datafield><datafield ind1="1" ind2="7" tag="785"><subfield code="t">Burns times-herald</subfield><subfield code="w">(DLC)sn 96088259</subfield><subfield code="w">(OCoLC)30721652</subfield></datafield></record>